{
  "leader": "03205cam a2200469Ia 4500",
  "fields": [
    {
      "001": "ocm03464099\\"
    },
    {
      "003": "OCoLC"
    },
    {
      "005": "20220708114953.0"
    },
    {
      "008": "771205s1964\\\\\\\\dcu\\\\\\\\\\\\b\\\\\\f000\\0\\eng\\\\"
    },
    {
      "010": {
        "ind1": "\\",
        "ind2": "\\",
        "subfields": [
          {
            "a": "   65060408 "
          }
        ]
      }
    },
    {
      "040": {
        "ind1": "\\",
        "ind2": "\\",
        "subfields": [
          {
            "a": "DLC"
          },
          {
            "b": "eng"
          },
          {
            "c": "YNG"
          },
          {
            "d": "SER"
          },
          {
            "d": "SLU"
          },
          {
            "d": "CUY"
          },
          {
            "d": "MTG"
          },
          {
            "d": "JHE"
          },
          {
            "d": "P4I"
          },
          {
            "d": "EMU"
          },
          {
            "d": "OCLCA"
          },
          {
            "d": "OCLCF"
          },
          {
            "d": "EUX"
          },
          {
            "d": "OCLCQ"
          },
          {
            "d": "OCLCO"
          },
          {
            "d": "QE2"
          },
          {
            "d": "FUG"
          },
          {
            "d": "IOG"
          },
          {
            "d": "TYC"
          },
          {
            "d": "OCLCA"
          },
          {
            "d": "UMK"
          },
          {
            "d": "OCLCQ"
          },
          {
            "d": "OCLCO"
          }
        ]
      }
    },
    {
      "019": {
        "ind1": "\\",
        "ind2": "\\",
        "subfields": [
          {
            "a": "27281609"
          },
          {
            "a": "505083238"
          },
          {
            "a": "911764457"
          },
          {
            "a": "1170703339"
          },
          {
            "a": "1201016981"
          },
          {
            "a": "1201977211"
          }
        ]
      }
    },
    {
      "035": {
        "ind1": "\\",
        "ind2": "\\",
        "subfields": [
          {
            "a": "(OCoLC)3464099"
          },
          {
            "z": "(OCoLC)27281609"
          },
          {
            "z": "(OCoLC)505083238"
          },
          {
            "z": "(OCoLC)911764457"
          },
          {
            "z": "(OCoLC)1170703339"
          },
          {
            "z": "(OCoLC)1201016981"
          },
          {
            "z": "(OCoLC)1201977211"
          }
        ]
      }
    },
    {
      "043": {
        "ind1": "\\",
        "ind2": "\\",
        "subfields": [
          {
            "a": "n-us---"
          }
        ]
      }
    },
    {
      "050": {
        "ind1": "0",
        "ind2": "4",
        "subfields": [
          {
            "a": "HC106.5"
          },
          {
            "b": ".G43"
          }
        ]
      }
    },
    {
      "055": {
        "ind1": "\\",
        "ind2": "0",
        "subfields": [
          {
            "a": "HB601"
          },
          {
            "b": ".G46 1964"
          }
        ]
      }
    },
    {
      "082": {
        "ind1": "0",
        "ind2": "4",
        "subfields": [
          {
            "a": "339.373"
          },
          {
            "b": "MEA"
          }
        ]
      }
    },
    {
      "245": {
        "ind1": "0",
        "ind2": "0",
        "subfields": [
          {
            "a": "Measuring the nation's wealth /"
          },
          {
            "c": "materials developed by the Wealth Inventory Planning Study, the George Washington University, and presented by the Conference on Research in Income and Wealth to the Subcommittee on Economic Statistics of the Joint Economic Committee, Congress of the United States, December 1964."
          }
        ]
      }
    },
    {
      "260": {
        "ind1": "\\",
        "ind2": "\\",
        "subfields": [
          {
            "a": "Washington, D.C. :"
          },
          {
            "b": "United States Government Printing Office,"
          },
          {
            "c": "1964."
          }
        ]
      }
    },
    {
      "300": {
        "ind1": "\\",
        "ind2": "\\",
        "subfields": [
          {
            "a": "xxxi, 835 pages ;"
          },
          {
            "c": "24 cm"
          }
        ]
      }
    },
    {
      "336": {
        "ind1": "\\",
        "ind2": "\\",
        "subfields": [
          {
            "a": "text"
          },
          {
            "b": "txt"
          },
          {
            "2": "rdacontent"
          }
        ]
      }
    },
    {
      "337": {
        "ind1": "\\",
        "ind2": "\\",
        "subfields": [
          {
            "a": "unmediated"
          },
          {
            "b": "n"
          },
          {
            "2": "rdamedia"
          }
        ]
      }
    },
    {
      "338": {
        "ind1": "\\",
        "ind2": "\\",
        "subfields": [
          {
            "a": "volume"
          },
          {
            "b": "nc"
          },
          {
            "2": "rdacarrier"
          }
        ]
      }
    },
    {
      "490": {
        "ind1": "1",
        "ind2": "\\",
        "subfields": [
          {
            "a": "Studies in income and wealth ;"
          },
          {
            "v": "v. 29"
          }
        ]
      }
    },
    {
      "500": {
        "ind1": "\\",
        "ind2": "\\",
        "subfields": [
          {
            "a": "At head of title: 88th Congress, 2d session. Joint committee print."
          }
        ]
      }
    },
    {
      "500": {
        "ind1": "\\",
        "ind2": "\\",
        "subfields": [
          {
            "a": "\"December 1964.\""
          }
        ]
      }
    },
    {
      "504": {
        "ind1": "\\",
        "ind2": "\\",
        "subfields": [
          {
            "a": "Includes bibliographical references."
          }
        ]
      }
    },
    {
      "505": {
        "ind1": "0",
        "ind2": "\\",
        "subfields": [
          {
            "a": "Staff Report / John W. Kendrick, David J. Hyams, and Joel Popkin -- Background papers. Uses of wealth estimates / Emerson P. Schmidt [and others] -- Historical censuses and estimates of wealth in the United States / Stephen A. Hoenack -- National wealth measurement in Canada / Thomas K. Rymes -- The Soviet capital stock inventory and revaluation / Adam Kaufman -- Wealth surveys in Japan / Yataka Shimizu -- Relationship of balance sheets and wealth estimates to national income accounts / John A. Gorman -- Notes on measuring capacity by census enumeration / Almarin Phillips -- The measurement of capital / Vernon L. Smith -- Capital goods pricing / Allan D. Searle -- Some problems in the estimation of service lives of fixed capital assets / Robert G. Wasson. Sector reports / Joel Popkin [and others]."
          }
        ]
      }
    },
    {
      "508": {
        "ind1": "\\",
        "ind2": "\\",
        "subfields": [
          {
            "a": "At head of title: 88th Cong., 2d. sess. Joint Committee Print."
          }
        ]
      }
    },
    {
      "650": {
        "ind1": "\\",
        "ind2": "0",
        "subfields": [
          {
            "a": "Gross national product"
          },
          {
            "z": "United States."
          }
        ]
      }
    },
    {
      "650": {
        "ind1": "\\",
        "ind2": "7",
        "subfields": [
          {
            "a": "Gross national product."
          },
          {
            "2": "fast"
          },
          {
            "0": "(OCoLC)fst00948095"
          }
        ]
      }
    },
    {
      "651": {
        "ind1": "\\",
        "ind2": "7",
        "subfields": [
          {
            "a": "United States."
          },
          {
            "2": "fast"
          },
          {
            "0": "(OCoLC)fst01204155"
          }
        ]
      }
    },
    {
      "655": {
        "ind1": "\\",
        "ind2": "0",
        "subfields": [
          {
            "a": "Government publications"
          }
        ]
      }
    },
    {
      "710": {
        "ind1": "2",
        "ind2": "\\",
        "subfields": [
          {
            "a": "Conference on Research in Income and Wealth."
          }
        ]
      }
    },
    {
      "710": {
        "ind1": "2",
        "ind2": "\\",
        "subfields": [
          {
            "a": "George Washington University."
          },
          {
            "b": "Wealth Inventory Planning Study."
          }
        ]
      }
    },
    {
      "710": {
        "ind1": "1",
        "ind2": "\\",
        "subfields": [
          {
            "a": "United States."
          },
          {
            "b": "Congress."
          },
          {
            "b": "Joint Economic Committee."
          },
          {
            "b": "Subcommittee on Economic Statistics."
          }
        ]
      }
    },
    {
      "776": {
        "ind1": "0",
        "ind2": "8",
        "subfields": [
          {
            "i": "Online version:"
          },
          {
            "t": "Measuring the Nation's wealth."
          },
          {
            "d": "Washington, D.C. : U.S.G.P.O., 1964"
          },
          {
            "w": "(OCoLC)622822959"
          }
        ]
      }
    },
    {
      "830": {
        "ind1": "\\",
        "ind2": "0",
        "subfields": [
          {
            "a": "Studies in income and wealth ;"
          },
          {
            "v": "v. 29."
          }
        ]
      }
    },
    {
      "856": {
        "ind1": "4",
        "ind2": "1",
        "subfields": [
          {
            "u": "http://papers.nber.org/booksbyseries/SIW.html"
          },
          {
            "z": "Access online content"
          }
        ]
      }
    },
    {
      "994": {
        "ind1": "\\",
        "ind2": "\\",
        "subfields": [
          {
            "a": "Z0"
          },
          {
            "b": "NYRVC"
          }
        ]
      }
    },
    {
      "948": {
        "ind1": "\\",
        "ind2": "\\",
        "subfields": [
          {
            "h": "NO HOLDINGS IN NYRVC - 325 OTHER HOLDINGS"
          }
        ]
      }
    },
    {
      "999": {
        "ind1": "\\",
        "ind2": "\\",
        "subfields": [
          {
            "a": "00000000017457"
          }
        ]
      }
    }
  ]
}